@online{plf,
  title   = {Programming Language Foundations},
  author  = {Pierce, Benjamin C. and de Amorim, Arthur Azevedo and Casinghino,
             Chris and Gaboardi, Marco and Greenberg, Michael and Hriţcu,
             Cătălin and Sjöberg, Vilhelm and Tolmach, Andrew and Yorgey,
             Brent},
  date    = {2018},
  month   = {aug},
  url     = {https://softwarefoundations.cis.upenn.edu/plf-current/index.html},
  urldate = {2018-11-02}
}

@online{sf,
  title   = {Software Foundations},
  author  = {Pierce, Benjamin C. and de Amorim, Arthur Azevedo and Casinghino,
             Chris and Gaboardi, Marco and Greenberg, Michael and Hriţcu,
             Cătălin and Sjöberg, Vilhelm and Tolmach, Andrew and Yorgey,
             Brent and Appel, Andrew W. and Lampropoulos, Leonidas},
  date    = {2018},
  month   = {aug},
  url     = {https://softwarefoundations.cis.upenn.edu},
  urldate = {2018-11-02}
}

@online{vfa,
  title   = {Verified Functional Algorithms},
  author  = {Appel, Andrew W.},
  date    = {2018},
  month   = {aug},
  url     = {https://softwarefoundations.cis.upenn.edu/vfa-current/index.html},
  urldate = {2018-11-02}
}
